@article{boileau:2015,
	author = {Boileau, Etienne and Nithiarasu, Perumal and Blanco, Pablo J. and Müller, Lucas O. and Fossan, Fredrik Eikeland and Hellevik, Leif Rune and Donders, Wouter P. and Huberts, Wouter and Willemet, Marie and Alastruey, Jordi},
	title = {A benchmark study of numerical schemes for one-dimensional arterial blood flow modelling},
	journal = {International Journal for Numerical Methods in Biomedical Engineering},
	volume = {31},
	number = {10},
	pages = {e02732},
	keywords = {1D arterial hæmodynamics, 1D numerical schemes, benchmark test cases, pulse wave propagation},
	doi = {https://doi.org/10.1002/cnm.2732},
	url = {https://onlinelibrary.wiley.com/doi/abs/10.1002/cnm.2732},
	eprint = {https://onlinelibrary.wiley.com/doi/pdf/10.1002/cnm.2732},
	note = {e02732 cnm.2732},
	abstract = {Summary Hæmodynamical simulations using one-dimensional (1D) computational models exhibit many of the features of the systemic circulation under normal and diseased conditions. Recent interest in verifying 1D numerical schemes has led to the development of alternative experimental setups and the use of three-dimensional numerical models to acquire data not easily measured in vivo. In most studies to date, only one particular 1D scheme is tested. In this paper, we present a systematic comparison of six commonly used numerical schemes for 1D blood flow modelling: discontinuous Galerkin, locally conservative Galerkin, Galerkin least-squares finite element method, finite volume method, finite difference MacCormack method and a simplified trapezium rule method. Comparisons are made in a series of six benchmark test cases with an increasing degree of complexity. The accuracy of the numerical schemes is assessed by comparison with theoretical results, three-dimensional numerical data in compatible domains with distensible walls or experimental data in a network of silicone tubes. Results show a good agreement among all numerical schemes and their ability to capture the main features of pressure, flow and area waveforms in large arteries. All the information used in this study, including the input data for all benchmark cases, experimental data where available and numerical solutions for each scheme, is made publicly available online, providing a comprehensive reference data set to support the development of 1D models and numerical schemes. Copyright © 2015 John Wiley \& Sons, Ltd.},
	year = {2015}
}


@article{walburn:1976,
	author = {Walburn, F. J. and Schneck, D. J.},
	title = {A constitutive equation for whole human blood},
	journal = {Biorheology},
	volume = {13},
	number = {3},
	pages = {201--210},
	doi = {https://doi.org/10.3233/bir-1976-13307},
	year = {1976}
}

% \begin{thebibliography}{}
%     \bibitem{litlink1}  Boileau E. et al A benchmark study of numerical schemes for one-dimensional arterial blood flow modelling // Int. J. Numer. Meth. Biomed. Engng. 2015.
%     \bibitem{litlink2} F. J. Walburn, D. J. Schneck. A constitutive equation for whole human blood. Biorheology, 13 (1976), 201–210.
%     \bibitem{litlink3} S. Kim, Y.I . Cho, A. H. Jeon, B. Hogenauer, K. R. Kensey. A new method for blood viscosity measurement. J. Non-Newtonian Fluid Mech., 94 (2000), 47-56.
%     \bibitem{litlink4}  E. A. Evans, R. M. Hochmuth. Membrane viscoelasticity. Biophys. J., 16 (1976), no. 1, 111.
%     \bibitem{litlink5} G. B. Thurston. Viscoelasticity of human blood. Biophys. J., 12 (1972), 1205–1217.
%     \bibitem{litlink6} G.B. Thurston. Non-Newtonian viscosity of human blood: Flow induced changes in microstructure. Biorheology, 31 (1994), no. 2, 179–192.
%     \bibitem{litlink7} P.C. F. Moller, J. Mewis, D. Bonn. Yield stress and thixotropy: on the difficulty of measuring yield stress in practice. Soft Matter, 2 (2006), 274–288.
%      \bibitem{litlink8} P.C. F. Moller, J. Mewis, D. Bonn. Yield stress and thixotropy: on the difficulty of measuring yield stress in practice. Soft Matter, 2 (2006), 274–288.
%     \bibitem{litlink9}  S.M. Hosseini, J.J. Feng. A particle-based model for the transport of erythrocytes in capillaries. Chem. Eng. Sci., 64 (2009), 4488-4497.
%     \bibitem{litlink10} N. Bessonov, E. Babushkina, S.F. Golovashchenko, A. Tosenberger, F. Ataullakhanov, M. Panteleev, A. Tokarev, V. Volpert. Numerical modelling of cell distribution in blood flow. Math. Model. Nat. Phenom., 9 (2014), no. 6, 69-84.
%     \bibitem{litlink11} A. Ya. Bunicheva, M. A. Menyailova, S. I. Mukhin, N. V. Sosnin, A. P. Favorskii. Studying the influence of gravitational overloads on the parameters of blood flow in vessels of greater circulation. Mathematical Models and Computer Simulations, 5 (2013), no. 1, 81-91.
%     \bibitem{litlink12} A.Ya. Bunicheva, S.I. Mukhin, N.V. Sosnin, A.P. Favorskii. Numerical experiment in hemodynamics. Differential Equations, 40 (2004), no. 7, 984-999.
%     \bibitem{litlink13} A.S. Kholodov. Some dynamical models of external breathing and haemodynamics accounting for their coupling and substance transport. Computer Models and Medicine Progress, Nauka, Moscow, 127-163, 2001.
%     \bibitem{litlink14} Blausen.com staff. “Blausen gallery 2014”. Wikiversity Journal of Medicine. DOI:10.15347/wjm/2014.010
%     \bibitem{litlink15} T.J. Pedley, X.Y. Luo. Modelling flow and oscillations in collapsible tubes. Theoretical and Computational Fluid Dynamics, 10 (1998), 277-294.
%     \bibitem{litlink16} S.S. Grigorjan, Y.Z. Saakjan, A.K. Tsatutjan. To the theory of Korotkoff method. Biomechanics, (1984), no. 15-16,54-75.
%     \bibitem{litlink17}J. Alastruey, K.H. Parker, J. Peir´o, S.J. Sherwin. Lumped parameter outflow models for 1-D blood flow simulations: effect on pulse waves and parameter estimation. Communications in Computational Physics, 4 (2008), no. 2, 317-336.
%     \bibitem{litlink18} Y. Vassilevski, S. Simakov, V. Salamatova, Y. Ivanov, T. Dobroserdova. Vessel wall models for simulation ofatherosclerotic vascular networks. Math. Model. Nat. Phenom., 6 (2011), no. 7, 82-99
%     \bibitem{litlink19} https://app.rlsnet.ru/api/storage/books/jpg/253_P1_05_02_e
%     
%     \bibitem{litlink20} J.A.G. Rhodin  Architecture of the vessel wall / The Handbook of Physiology. The Cardiovascular System. Bethesda, Maryland. 1980. T. 2. С. 1–31.
